[gd_scene load_steps=4 format=2]

[ext_resource path="res://kerno/wablono/estonteco/fenestroj.tscn" type="PackedScene" id=1]
[ext_resource path="res://blokoj/rajtigo/logo12 (3).png" type="Texture2D" id=2]
[ext_resource path="res://kerno/menuo/resursoj/fonts/dynamicfont_28.tres" type="FontFile" id=4]

[node name="central_block" instance=ExtResource( 1 )]
offset_right = 1533.0
offset_bottom = 771.0
script = null

[node name="VBox" parent="." index="0"]
anchor_right = 1.0
anchor_bottom = 1.0
offset_right = -1.52588e-05
offset_bottom = -1.52588e-05

[node name="HBox_top" parent="VBox" index="0"]
offset_right = 1533.0

[node name="top_texture1" parent="VBox/HBox_top" index="0"]
self_modulate = Color( 0, 0, 0, 0.745098 )

[node name="top_texture2" parent="VBox/HBox_top" index="1"]
self_modulate = Color( 0, 0, 0, 0.745098 )
offset_right = 1533.0

[node name="body_texture" parent="VBox" index="1"]
offset_right = 1533.0
offset_bottom = 749.0

[node name="TextureRect" type="TextureRect" parent="VBox/body_texture" index="0"]
anchor_left = 0.5
anchor_top = 0.5
anchor_right = 0.5
anchor_bottom = 0.5
offset_left = -125.0
offset_top = -266.5
offset_right = 125.0
offset_bottom = -16.5
texture = ExtResource( 2 )
expand = true
__meta__ = {
"_edit_use_anchors_": false
}

[node name="Label" type="Label" parent="VBox/body_texture" index="1"]
anchor_left = 0.5
anchor_top = 0.5
anchor_right = 0.5
anchor_bottom = 0.5
offset_left = -187.0
offset_top = 28.5
offset_right = 187.0
offset_bottom = 61.5
theme_override_fonts/font = ExtResource( 4 )
text = "Сделайте шаг в будущее!"
align = 1
valign = 1
__meta__ = {
"_edit_use_anchors_": false
}

[node name="HBox_bottom" parent="VBox" index="2"]
offset_top = 749.0
offset_right = 1533.0
offset_bottom = 771.0

[node name="bottom_texture1" parent="VBox/HBox_bottom" index="0"]
offset_right = 1511.0

[node name="frame5" parent="VBox/HBox_bottom/bottom_texture1" index="0"]
offset_right = 1.0

[node name="bottom_texture2" parent="VBox/HBox_bottom" index="1"]
offset_left = 1511.0
offset_right = 1533.0
